@article{Tibshirani1996Lasso,
  author  = {Tibshirani, Robert},
  title   = {Regression shrinkage and selection via the Lasso},
  journal = {Journal of the Royal Statistical Society: Series B (Methodological)},
  year    = {1996},
  volume  = {58},
  number  = {1},
  pages   = {267--288},
  url     = {https://www.jstor.org/stable/2346178}
}

@article{Zou2005ElasticNet,
  author  = {Zou, Hui and Hastie, Trevor},
  title   = {Regularization and variable selection via the Elastic Net},
  journal = {Journal of the Royal Statistical Society: Series B (Statistical Methodology)},
  year    = {2005},
  volume  = {67},
  number  = {2},
  pages   = {301--320},
  doi     = {10.1111/j.1467-9868.2005.00503.x}
}
