@book{Hosmer2000Logistic,
  author    = {Hosmer, David W. and Lemeshow, Stanley},
  title     = {Applied Logistic Regression},
  edition   = {2},
  year      = {2000},
  publisher = {Wiley},
  address   = {New York}
}

@book{Breiman1984CART,
  author    = {Breiman, Leo and Friedman, Jerome and Olshen, Richard A. and Stone, Charles J.},
  title     = {Classification and Regression Trees},
  year      = {1984},
  publisher = {Wadsworth},
  address   = {Belmont, CA}
}

@article{Breiman2001RF,
  author  = {Breiman, Leo},
  title   = {Random Forests},
  journal = {Machine Learning},
  year    = {2001},
  volume  = {45},
  number  = {1},
  pages   = {5--32},
  doi     = {10.1023/A:1010933404324}
}

@inproceedings{Pedregosa2011Sklearn,
  author    = {Pedregosa, Fabian and Varoquaux, Ga{\"e}l and Gramfort, Alexandre and Michel, Vincent and Thirion, Bertrand and Grisel, Olivier and Blondel, Mathieu and Prettenhofer, Peter and Weiss, Ron and Dubourg, Vincent and Vanderplas, Jake and Passos, Alexandre and Cournapeau, David and Brucher, Matthieu and Perrot, Matthieu and Duchesnay, {\'E}douard},
  title     = {Scikit-learn: Machine Learning in Python},
  booktitle = {Journal of Machine Learning Research},
  year      = {2011},
  volume    = {12},
  pages     = {2825--2830}
}

@book{Wickham2016Ggplot2,
  author    = {Wickham, Hadley},
  title     = {ggplot2: Elegant Graphics for Data Analysis},
  edition   = {2},
  year      = {2016},
  publisher = {Springer},
  address   = {Cham},
  isbn      = {978-3319242750}
}

@misc{KaggleTitanic,
  author       = {Kaggle},
  title        = {Titanic -- Machine Learning from Disaster},
  year         = {2012},
  howpublished = {\url{https://www.kaggle.com/c/titanic}},
  note         = {Zugriff: \today}
}

@book{Hastie2009ESL,
  author    = {Hastie, Trevor and Tibshirani, Robert and Friedman, Jerome},
  title     = {The Elements of Statistical Learning: Data Mining, Inference, and Prediction},
  edition   = {2},
  year      = {2009},
  publisher = {Springer},
  address   = {New York},
  isbn      = {978-0387848570}
}

@misc{BBC2024Titanic,
  author       = {{BBC News}},
  title        = {Titanic: Facts about the 1912 disaster},
  year         = {2024},
  howpublished = {\url{https://www.bbc.com/news/topics/cz4pr2gdg6qt/titanic}},
  note         = {Zugriff: \today}
}

@misc{BritannicaTitanic,
  author       = {{Encyclopaedia Britannica}},
  title        = {Titanic -- British ship},
  year         = {2024},
  howpublished = {\url{https://www.britannica.com/topic/Titanic}},
  note         = {Zugriff: \today}
}
